%% This BibTeX bibliography file was created using BibDesk.
%% http://bibdesk.sourceforge.net/


%% Created for ਅਮਨਿੰਦਰ ਸਿੰਘ ਨਰੋਤਾ at 2014-11-25 00:02:05 -0500 


%% Saved with string encoding Unicode (UTF-8) 

@inproceedings{li2011design,
  title={Design and describe REST API without violating REST: A Petri net based approach},
  author={Li, Li and Chou, Wu},
  booktitle={Web Services (ICWS), 2011 IEEE International Conference on},
  pages={508--515},
  year={2011},
  organization={IEEE}
}

@inproceedings{anisenkov2012agis,
  title={AGIS: The ATLAS Grid Information System},
  author={Anisenkov, Alexey and Belov, Sergey and Di Girolamo, Alessandro and Gayazov, Stavro and Klimentov, Alexei and Oleynik, Danila and Senchenko, Alexander},
  booktitle={Journal of Physics: Conference Series},
  volume={396},
  number={3},
  pages={032006},
  year={2012},
  organization={IOP Publishing}
}
@article{weiss2005webos,
  title={WebOS: say goodbye to desktop applications},
  author={Weiss, Aaron},
  journal={Networker},
  volume={9},
  number={4},
  pages={18--26},
  year={2005},
  publisher={ACM}
}

@article{aghaei2012evolution,
  title={Evolution of the world wide web: From WEB 1.0 TO WEB 4.0},
  author={Aghaei, Sareh and Nematbakhsh, Mohammad Ali and Farsani, Hadi Khosravi}
}

@article{liu_websocket,
  title={Research of Web Real-Time Communication Based on Web Socket},
  author={Liu, Qigang and Sun, Xiangyang},
  year={2012},
  publisher={Scientific Research Publishing}
}

@article{ajax_advantage_cambridge,
	Author = {Zanker,Graham},
	Date-Modified = {2014-11-25 05:01:37 +0000},
	Doi = {10.1093/clrevj/bni013},
	Issn = {1464-3561},
	Issue = {01},
	Journal = {The Classical Review (New Series)},
	Month = {3},
	Numpages = {2},
	Pages = {19--20},
	Title = {Ajax},
	Url = {http://journals.cambridge.org/article_S0009840X04003361},
	Volume = {55},
	Year = {2005},
	Bdsk-Url-1 = {http://journals.cambridge.org/article_S0009840X04003361},
	Bdsk-Url-2 = {http://dx.doi.org/10.1093/clrevj/bni013}}

@article{quantitative_research,
	Author = {Moritz Fleischmann and Jacqueline M. Bloemhof-Ruwaard and Rommert Dekker and Erwin van der Laan and Jo A.E.E. van Nunen and Luk N. Van Wassenhove},
	Doi = {http://dx.doi.org/10.1016/S0377-2217(97)00230-0},
	Issn = {0377-2217},
	Journal = {European Journal of Operational Research},
	Keywords = {Logistics},
	Number = {1},
	Pages = {1 - 17},
	Title = {Quantitative models for reverse logistics: A review},
	Url = {http://www.sciencedirect.com/science/article/pii/S0377221797002300},
	Volume = {103},
	Year = {1997},
	Bdsk-Url-1 = {http://www.sciencedirect.com/science/article/pii/S0377221797002300},
	Bdsk-Url-2 = {http://dx.doi.org/10.1016/S0377-2217(97)00230-0}}

@article{qualitative_research,
	Author = {Stenbacka, Caroline},
	Date-Modified = {2014-11-25 03:59:55 +0000},
	Doi = {10.1108/EUM0000000005801},
	Eprint = {http://dx.doi.org/10.1108/EUM0000000005801},
	Journal = {Management Decision},
	Number = {7},
	Pages = {551-556},
	Title = {Qualitative research requires quality concepts of its own},
	Url = {http://dx.doi.org/10.1108/EUM0000000005801},
	Volume = {39},
	Year = {2001},
	Bdsk-Url-1 = {http://dx.doi.org/10.1108/EUM0000000005801}}

@url{autobahn,
	Author = {Autobahn.ws},
	Date-Added = {2014-11-25 03:14:18 +0000},
	Date-Modified = {2014-11-25 03:17:28 +0000},
	Title = {Open-source real-time framework for Web, Mobile \& Internet of Things.},
	Urldate = {2014}}

@article{5,
	Author = {jwebsocket.org},
	Date-Added = {2014-10-30 14:26:40 +0000},
	Date-Modified = {2014-10-30 14:27:18 +0000},
	Month = {October},
	Title = {Introduction WebSockets for Android},
	Year = {2010}}

@article{4,
	Author = {Kun ma and Ranyuan Sun},
	Date-Added = {2014-10-30 14:22:04 +0000},
	Date-Modified = {2014-10-30 14:25:46 +0000},
	Journal = {International Journal of Distributed Sensor Networks},
	Number = {867693},
	Pages = {10},
	Title = {Multiple Wide Tables with Vertical Scalability in Multitenant Sensor Cloud Systems},
	Volume = {2013},
	Year = {2013}}

@proceedings{3,
	Author = {Giridhar D. Mandyam and Navid Ehsan},
	Date-Added = {2014-10-30 14:19:30 +0000},
	Date-Modified = {2014-10-30 14:22:00 +0000},
	Month = {October},
	Publisher = {W3.org},
	Title = {HTML5 Connectivity Methods and Mobile Power Consumption},
	Year = {2010}}

@inproceedings{2,
	Author = {Shruti M. Rakhunde},
	Booktitle = {IOSR Journal of Computer Science (IOSR-JCE)},
	Date-Added = {2014-10-30 14:17:27 +0000},
	Date-Modified = {2014-10-30 14:19:05 +0000},
	Pages = {19},
	Title = {Real Time Data Communication over Full Duplex Network Using Websocket},
	Year = {2014}}

@phdthesis{1,
	Author = {Jussi-Pekka Erkkil{\"a}},
	Date-Added = {2014-10-30 14:15:26 +0000},
	Date-Modified = {2014-10-30 14:16:28 +0000},
	School = {Aalto University School of Science},
	Title = {WebSocket Security Analysis}}

@manual{ecma,
	Date-Added = {2014-10-29 23:29:38 +0000},
	Date-Modified = {2014-10-29 23:32:04 +0000},
	Edition = {3},
	Journal = {ECMA: Standardizing Information and Communication Systems},
	Month = {December},
	Organization = {ECMA},
	Title = {Standard ECMA-262},
	Year = {1999}}

@inproceedings{jit_fine_tune,
	Author = {Fuyuhiko Maruyama and Satoshi Matsuoka and Kouya Shimura},
	Date-Added = {2014-10-29 23:08:09 +0000},
	Date-Modified = {2014-10-29 23:12:07 +0000},
	Title = {OpenJIT 2: The Design and Implementation of Application Framework for JIT Compilers}}

@url{pypy_cpython,
	Author = {PyPy.org},
	Date-Added = {2014-10-29 22:59:05 +0000},
	Date-Modified = {2014-10-29 23:01:00 +0000},
	Month = {October},
	Title = {PyPy Performance Optimization},
	Url = {http://pypy.org/performance.html},
	Year = {2014},
	Bdsk-Url-1 = {http://pypy.org/performance.html}}

@book{stomp_cite,
	Author = {Vanessa Wang and Frank Salim and Peter Moskovits},
	Date-Added = {2014-10-29 20:41:46 +0000},
	Date-Modified = {2014-10-29 20:43:24 +0000},
	Editor = {Apress},
	Month = {February},
	Publisher = {Apress},
	Title = {The Definitive Guide to HTML5 WebSocket},
	Year = {2013}}

@article{kaazing_schematic,
	Author = {Kaazing Corps},
	Date-Added = {2014-10-29 20:37:27 +0000},
	Date-Modified = {2014-10-29 20:38:18 +0000},
	Title = {Real-time web-based platform provides competitive differentiator},
	Year = {2012}}

@inproceedings{ajax_disadvantage,
	Author = {Yifu Gan and Huirong Yang},
	Booktitle = {Information Technologies and Applications in Education, 2007. ISITAE '07. First IEEE International Symposium on},
	Date-Modified = {2014-10-29 20:00:08 +0000},
	Doi = {10.1109/ISITAE.2007.4409291},
	Keywords = {Web services;online front-ends;Ajax;Web browsers;Web servers;Web services integrated framework;duplicate proxy pattern;proxy pattern;Access protocols;Application software;Cascading style sheets;HTML;Java;Search engines;Web and internet services;Web server;Web services;XML;AHP;Ajax;Integrated Framework;Proxy Pattern;Web Services},
	Month = {Nov},
	Pages = {297-302},
	Title = {Ajax and Web Services Integrated Framework Based on Duplicate Proxy Pattern},
	Year = {2007},
	Bdsk-Url-1 = {http://dx.doi.org/10.1109/ISITAE.2007.4409291}}

@inproceedings{ajax_advantage,
	Author = {Chunfeng Ye},
	Booktitle = {Electronic and Mechanical Engineering and Information Technology (EMEIT), 2011 International Conference on},
	Date-Modified = {2014-10-29 20:49:18 +0000},
	Doi = {10.1109/EMEIT.2011.6023118},
	Keywords = {Java;XML;object-oriented methods;software development management;AJax design pattern;Hibernate framework;SSHDWR design pattern;Spring framework;Struts framework;asynchronous JavaScript and XML;business logic;data persistence layer;presentation layer;software development;Business;Couplings;Databases;Java;Programming;Servers;Software;Ajax;Composite frame;SSHDWR},
	Month = {Aug},
	Pages = {4570-4573},
	Title = {The advantages research about the SSHDWR + AJax design pattern in software developmen},
	Volume = {9},
	Year = {2011},
	Bdsk-Url-1 = {http://dx.doi.org/10.1109/EMEIT.2011.6023118}}
